@article{GW98,
  title={Primal-dual approximation algorithms for feedback problems in planar graphs},
  author={Goemans, M. X. and Williamson, D. P},
  journal={Combinatorica},
  volume={18},
  number={1},
  pages={37--59},
  year={1998},
  publisher={Springer}
}

@article{GW97,
  title={The primal-dual method for approximation algorithms and its application to network design problems},
  author={Goemans, M. X and Williamson, D. P},
  journal={Approximation algorithms for NP-hard problems},
  pages={144--191},
  year={1997}
}

@article{EN+98,
  title={Approximating minimum feedback sets and multicuts in directed graphs},
  author={Even, G. and Naor, J. S. and Schieber, B. and Sudan, M.},
  journal={Algorithmica},
  volume={20},
  number={2},
  pages={151--174},
  year={1998},
  publisher={Springer}
}

@inproceedings{Becker2apx,
 author = {Becker, Ann},
 title = {Approximation Algorithms for the Loop Cutset Problem},
 booktitle = {Proceedings of the Tenth International Conference on Uncertainty in Artificial Intelligence},
 series = {UAI'94},
 year = {1994},
 isbn = {1-55860-332-8},
 location = {Seattle, WA},
 pages = {60--68},
 numpages = {9},
 url = {http://dl.acm.org/citation.cfm?id=2074394.2074403},
 acmid = {2074403},
 publisher = {Morgan Kaufmann Publishers Inc.},
 address = {San Francisco, CA, USA}  }
 
 @inproceedings{Fomin2010,
 author = {Fomin, Fedor V. and Lokshtanov, Daniel and Saurabh, Saket and Thilikos, Dimitrios M.},
 title = {Bidimensionality and Kernels},
 booktitle = {Proceedings of the Twenty-first Annual ACM-SIAM Symposium on Discrete Algorithms},
 series = {SODA '10},
 year = {2010},
 isbn = {978-0-898716-98-6},
 location = {Austin, Texas},
 pages = {503--510},
 numpages = {8},
 url = {http://dl.acm.org/citation.cfm?id=1873601.1873644},
 acmid = {1873644},
 publisher = {Society for Industrial and Applied Mathematics},
 address = {Philadelphia, PA, USA}  }

@inproceedings{BY12,
author = {Moldenhauer, Carsten},
year = {2011},
month = {07},
pages = {748-759},
title = {Primal-Dual Approximation Algorithms for Node-Weighted Steiner Forest on Planar Graphs},
volume = {222},
journal = {Information and Computation},
doi = {10.1007/978-3-642-22006-7_63}
}
 